<record><leader>00000cas a22000007a 4500</leader><controlfield tag="001">13380820</controlfield><controlfield tag="008">860402d188u1893inuwr ne      0    0eng d</controlfield><datafield ind1=" " ind2=" " tag="010"><subfield code="a">sn 86058434 </subfield></datafield><datafield ind1=" " ind2=" " tag="040"><subfield code="a">NPI</subfield><subfield code="b">eng</subfield><subfield code="c">NPI</subfield><subfield code="d">OCLCQ</subfield></datafield><datafield ind1=" " ind2=" " tag="042"><subfield code="a">msc</subfield></datafield><datafield ind1="0" ind2=" " tag="130"><subfield code="a">Anderson Democrat (Anderson, Ind. : 1887)</subfield></datafield><datafield ind1="1" ind2="4" tag="245"><subfield code="a">The Anderson Democrat.</subfield></datafield><datafield ind1=" " ind2=" " tag="260"><subfield code="a">Anderson, Madison County, Ind. :</subfield><subfield code="b">Democrat Co.,</subfield><subfield code="c">-1893.</subfield></datafield><datafield ind1=" " ind2=" " tag="300"><subfield code="a">v. :</subfield><subfield code="b">ill. (chiefly advertisements) ;</subfield><subfield code="c">57 cm.</subfield></datafield><datafield ind1=" " ind2=" " tag="310"><subfield code="a">Weekly</subfield></datafield><datafield ind1="0" ind2=" " tag="362"><subfield code="a">-Apr. 14, 1893.</subfield></datafield><datafield ind1=" " ind2=" " tag="515"><subfield code="a">Continues the numbering of: Weekly review-Democrat.</subfield></datafield><datafield ind1=" " ind2=" " tag="580"><subfield code="a">Published 1888- also in a daily edition called: Anderson daily Democrat.</subfield></datafield><datafield ind1=" " ind2=" " tag="588"><subfield code="a">Description based on: Vol. 18, no. 37 (Apr. 8, 1887).</subfield></datafield><datafield ind1=" " ind2=" " tag="752"><subfield code="a">United States</subfield><subfield code="b">Indiana</subfield><subfield code="c">Madison</subfield><subfield code="d">Anderson.</subfield></datafield><datafield ind1="1" ind2=" " tag="775"><subfield code="t">Anderson daily Democrat</subfield><subfield code="w">(DLC)sn 86058376</subfield></datafield><datafield ind1="0" ind2="0" tag="780"><subfield code="t">Weekly review-Democrat</subfield><subfield code="w">(DLC)sn 86058380</subfield></datafield><datafield ind1="0" ind2="0" tag="785"><subfield code="t">Anderson weekly Democrat</subfield><subfield code="w">(DLC)sn 86058381</subfield></datafield></record>